<?xml version="1.0" encoding="UTF-8"?><collection xmlns="http://www.loc.gov/MARC21/slim"><record><leader>00497nam--2200169-i-4500</leader><controlfield tag="001">000043028</controlfield><controlfield tag="002">20161230</controlfield><controlfield tag="005">20161230201043</controlfield><controlfield tag="008">060222s1000------------r-----000-0-eng-d</controlfield><datafield ind1=" " ind2=" " tag="040"><subfield code="a">IFIN-HH</subfield></datafield><datafield ind1=" " ind2=" " tag="080"><subfield code="a">539.219.3(043)</subfield></datafield><datafield ind1="1" ind2=" " tag="100"><subfield code="a">Stolwijk,Nicolas Augustinus</subfield></datafield><datafield ind1="1" ind2="0" tag="245"><subfield code="a">Diffusion in order binary solid systems</subfield><subfield code="b">Dissertation</subfield><subfield code="c">Nicolas augustinus stolwijk</subfield></datafield><datafield ind1=" " ind2=" " tag="260"><subfield code="a">Amsterdam</subfield><subfield code="b">Universiteit Van Amsterdam</subfield><subfield code="c">1950</subfield></datafield><datafield ind1=" " ind2=" " tag="300"><subfield code="a">148 P</subfield></datafield><datafield ind1=" " ind2=" " tag="852"><subfield code="a">70860</subfield><subfield code="c">539.21</subfield></datafield><datafield ind1=" " ind2=" " tag="CAT"><subfield code="a">Sys</subfield><subfield code="c">20121206</subfield><subfield code="h">131936</subfield></datafield></record></collection>